<?xml version="1.0" encoding="UTF-8"?><record xmlns="http://www.loc.gov/MARC21/slim" xmlns:cinclude="http://apache.org/cocoon/include/1.0" xmlns:zs="http://www.loc.gov/zing/srw/">
  <leader>00766cz  a2200217n  4500</leader>
  <controlfield tag="001">nr 94029600 </controlfield>
  <controlfield tag="003">DLC</controlfield>
  <controlfield tag="005">20080905081608.0</controlfield>
  <controlfield tag="008">940907nc acannaabn          |b aaa      </controlfield>
  <datafield tag="010" ind1=" " ind2=" ">
    <subfield code="a">nr 94029600 </subfield>
  </datafield>
  <datafield tag="035" ind1=" " ind2=" ">
    <subfield code="a">(OCoLC)oca03677272</subfield>
  </datafield>
  <datafield tag="040" ind1=" " ind2=" ">
    <subfield code="a">DLC-R</subfield>
    <subfield code="b">eng</subfield>
    <subfield code="c">DLC-R</subfield>
    <subfield code="d">OCoLC</subfield>
  </datafield>
  <datafield tag="100" ind1="1" ind2=" ">
    <subfield code="a">Song, Bosong,</subfield>
    <subfield code="d">1953-</subfield>
  </datafield>
  <datafield tag="400" ind1="1" ind2=" ">
    <subfield code="w">nne</subfield>
    <subfield code="a">Sung, Po-sung,</subfield>
    <subfield code="d">1953-</subfield>
  </datafield>
  <datafield tag="400" ind1="0" ind2=" ">
    <subfield code="a">Jiangnanwanren,</subfield>
    <subfield code="d">1953-</subfield>
  </datafield>
  <datafield tag="400" ind1="1" ind2=" ">
    <subfield code="a">Song, Beisong,</subfield>
    <subfield code="d">1953-</subfield>
  </datafield>
  <datafield tag="400" ind1="0" ind2=" ">
    <subfield code="a">Chiang-nan-wan-jen,</subfield>
    <subfield code="d">1953-</subfield>
  </datafield>
  <datafield tag="400" ind1="1" ind2=" ">
    <subfield code="a">宋伯松,</subfield>
    <subfield code="d">1953-</subfield>
  </datafield>
  <datafield tag="667" ind1=" " ind2=" ">
    <subfield code="a">Machine-derived non-Latin script reference project.</subfield>
  </datafield>
  <datafield tag="667" ind1=" " ind2=" ">
    <subfield code="a">Non-Latin script reference not evaluated.</subfield>
  </datafield>
  <datafield tag="670" ind1=" " ind2=" ">
    <subfield code="a">His Sung Po-sung hua chi, 1992:</subfield>
    <subfield code="b">t.p. (Sung Po-sung) vita (b. 1953, Che-chiang; hao Chiang-nan-wan-jen; artist; Beisong Song [in rom.])</subfield>
  </datafield>
</record>